@article{Fisichelli2014,
	Author = {Fisichelli, Nicholas A. and Frelich, Lee E. and Reich, Peter B.},
	Date-Added = {2015-07-03 12:05:28 +0000},
	Date-Modified = {2015-07-03 12:05:28 +0000},
	Journal = {Ecography},
	Number = {2},
	Pages = {152--161},
	Title = {Temperate tree expansion into adjacent boreal forest patches facilitated by warmer temperatures},
	Volume = {37},
	Year = {2014},
	Bdsk-File-1 = {YnBsaXN0MDDUAQIDBAUGJCVYJHZlcnNpb25YJG9iamVjdHNZJGFyY2hpdmVyVCR0b3ASAAGGoKgHCBMUFRYaIVUkbnVsbNMJCgsMDxJXTlMua2V5c1pOUy5vYmplY3RzViRjbGFzc6INDoACgAOiEBGABIAFgAdccmVsYXRpdmVQYXRoWWFsaWFzRGF0YV8QHFBERnMvMjAxNC9GaXNpY2hlbGxpMjAxNC5wZGbSFwsYGVdOUy5kYXRhTxEBsgAAAAABsgACAAAETGluawAAAAAAAAAAAAAAAAAAAAAAAAAAAAAA0T959kgrAAAAEMH6EkZpc2ljaGVsbGkyMDE0LnBkZgAAAAAAAAAAAAAAAAAAAAAAAAAAAAAAAAAAAAAAAAAAAAAAAAAAAAAAAAAAAAARLhfPWd8sAAAAAAAAAAAAAQAEAAAJIAAAAAAAAAAAAAAAAAAAAAQyMDE0ABAACAAA0T9d1gAAABEACAAAz1nRHAAAAAEAHAAQwfoAEMG/ABDBswAQwawAEMB7AAYqFAAClOkAAgBLTGluazpVc2VyczoAbXRhbGx1dG86AERyb3Bib3g6AHdvcms6AHBhcGVyczoAUERGczoAMjAxNDoARmlzaWNoZWxsaTIwMTQucGRmAAAOACYAEgBGAGkAcwBpAGMAaABlAGwAbABpADIAMAAxADQALgBwAGQAZgAPAAoABABMAGkAbgBrABIAP1VzZXJzL210YWxsdXRvL0Ryb3Bib3gvd29yay9wYXBlcnMvUERGcy8yMDE0L0Zpc2ljaGVsbGkyMDE0LnBkZgAAEwABLwAAFQACAA///wAAgAbSGxwdHlokY2xhc3NuYW1lWCRjbGFzc2VzXU5TTXV0YWJsZURhdGGjHR8gVk5TRGF0YVhOU09iamVjdNIbHCIjXE5TRGljdGlvbmFyeaIiIF8QD05TS2V5ZWRBcmNoaXZlctEmJ1Ryb290gAEACAARABoAIwAtADIANwBAAEYATQBVAGAAZwBqAGwAbgBxAHMAdQB3AIQAjgCtALIAugJwAnICdwKCAosCmQKdAqQCrQKyAr8CwgLUAtcC3AAAAAAAAAIBAAAAAAAAACgAAAAAAAAAAAAAAAAAAALe}}

